 @InCollection{DelPercio2014,
  author    = {Del Percio, Alfonso and Reisigl, Martin},
  title     = {Angewandte Diskursforschung},
  booktitle = {Diskursforschung - Ein interdisziplinäres Handbuch},
  publisher = {transcript Verlag},
  isbn      = {9783839427224},
  date      = {2014},
  location  = {Bielefeld},
}

@InCollection{Angermuller2014c,
  author    = {Angermuller, Johannes and Macgilchrist, Felicitas},
  title     = {Einleitung: Konzepte und Kontroversen der Diskurstheorie},
  booktitle = {Diskursforschung: ein interdisziplinäres Handbuch},
  editor = {Hans Wurst},
  publisher = {transcript Verlag},
  pages     = {17--20},
  date      = {2014},
  origdate  = {1999},
  location  = {Bielefeld},
}

@Book{Motakef2015,
  title     = {Prekarisierung},
  publisher = {transcript Verlag},
  author    = {Motakef, Mona},
  isbn      = {978-3-8376-2566-0},
  date      = {2015},
  location  = {Bielefeld},
  url       = {http://www.transcript-verlag.de/978-3-8376-2566-0/prekarisierung},
}
